<record xmlns="http://www.loc.gov/MARC21/slim" xmlns:xsi="http://www.w3.org/2001/XMLSchema-instance" xsi:schemaLocation="http://www.loc.gov/MARC21/slim http://www.loc.gov/standards/marcxml/schema/MARC21slim.xsd"><leader>     nam a22        4500</leader><controlfield tag="001">1621570</controlfield><controlfield tag="003">NIC</controlfield><controlfield tag="006">m        d        </controlfield><controlfield tag="007">cr cn |||m|||a</controlfield><controlfield tag="008">150316s1981    ir      obd   000 0 ara d</controlfield><datafield ind1=" " ind2=" " tag="040"><subfield code="a">NNU</subfield><subfield code="b">eng</subfield><subfield code="c">NNU</subfield></datafield><datafield ind1="0" ind2=" " tag="041"><subfield code="a">ara</subfield><subfield code="a">per</subfield></datafield><datafield ind1=" " ind2="4" tag="050"><subfield code="a">PJ6636.P</subfield></datafield><datafield ind1="0" ind2=" " tag="100"><subfield code="a">M. &#699;A. T.</subfield><subfield code="q">(Taraqqi&#772;, Muh&#803;ammad &#699;Ali&#772;)</subfield></datafield><datafield ind1="1" ind2="0" tag="245"><subfield code="a">Farhang-i Khayya&#772;m, &#699;Arabi&#772;-Fa&#772;rsi&#772;</subfield><subfield code="h">[electronic resource] :</subfield><subfield code="b">sha&#772;mil-i 45 haza&#772;r va&#772;zh-i mus&#803;t&#803;alah-i Fa&#772;rsi&#772;, &#699;Arabi&#772;, Turki&#772; bi-z&#804;ami&#772;nah-&#700;i farhang-i lughat-i pazi&#772;raftah shuda Uru&#772;pa&#772;&#700;i&#772; va vazhah&#697;ha&#772;-yi naw-i Farhangista&#772;n /</subfield><subfield code="c">ta&#700;li&#772;f, M.&#699;A.T. [Muh&#803;ammad &#699;Ali&#772; Taraqqi&#772;].</subfield></datafield><datafield ind1=" " ind2=" " tag="250"><subfield code="a">Cha&#772;p-i 5.</subfield></datafield><datafield ind1=" " ind2=" " tag="260"><subfield code="a">[Tehran] :</subfield><subfield code="b">Kita&#772;bfuru&#772;shi&#772;-i Khayya&#772;m,</subfield><subfield code="c">1359 [1981]</subfield></datafield><datafield ind1=" " ind2=" " tag="300"><subfield code="a">online resource (672 p.)</subfield></datafield><datafield ind1=" " ind2=" " tag="500"><subfield code="a">Arabic and Persian.</subfield></datafield><datafield ind1=" " ind2=" " tag="500"><subfield code="a">Part of the Arabic Collections Online (ACO) project, contributed by Cornell University Libraries.</subfield></datafield><datafield ind1=" " ind2=" " tag="533"><subfield code="a">Electronic reproduction.</subfield><subfield code="b">New York, N.Y. :</subfield><subfield code="c">New York University,</subfield><subfield code="d">2015.</subfield><subfield code="5">NNU</subfield></datafield><datafield ind1=" " ind2="4" tag="650"><subfield code="a">Arabic language dictionaries</subfield><subfield code="x">Persian.</subfield></datafield><datafield ind1="2" ind2=" " tag="710"><subfield code="a">Cornell University.</subfield><subfield code="b">Libraries.</subfield></datafield><datafield ind1="0" ind2=" " tag="730"><subfield code="a">Arabic Collections Online.</subfield></datafield><datafield ind1="0" ind2="8" tag="776"><subfield code="i">Print version:</subfield><subfield code="a">M. &#699;A. T. (Taraqqi&#772;, Muh&#803;ammad &#699;Ali&#772;)</subfield><subfield code="t">Farhang-i Khayya&#772;m, &#699;Arabi&#772;-Fa&#772;rsi&#772;</subfield><subfield code="w">(NIC)1621570</subfield><subfield code="w">(DLC)   89930284 </subfield><subfield code="w">(OCoLC)64736210</subfield></datafield><datafield ind1="4" ind2="0" tag="856"><subfield code="u">http://hdl.handle.net/2333.1/tdz08p58</subfield></datafield><datafield ind1=" " ind2=" " tag="959"><subfield code="a">NNU</subfield><subfield code="b">WEB</subfield><subfield code="c">GENI</subfield><subfield code="t">0</subfield><subfield code="m">Electronic access</subfield><subfield code="s">01</subfield></datafield><datafield ind1=" " ind2=" " tag="999"><subfield code="i">NIC_1621570</subfield><subfield code="o">(OCoLC)ocm64736210 </subfield><subfield code="s">cornell_aco000005</subfield><subfield code="e">(ERROR-880)</subfield></datafield></record>